<record><leader>00000cas a2200000 a 4500</leader><controlfield tag="001">34686104</controlfield><controlfield tag="008">960507c19709999maudn ne      0   a0eng c</controlfield><datafield ind1=" " ind2=" " tag="010"><subfield code="a">sn 97004339 </subfield></datafield><datafield ind1=" " ind2=" " tag="040"><subfield code="a">BOS</subfield><subfield code="b">eng</subfield><subfield code="c">BOS</subfield><subfield code="d">NSD</subfield><subfield code="d">OCLCQ</subfield><subfield code="d">OCLCF</subfield><subfield code="d">OCLCO</subfield></datafield><datafield ind1=" " ind2=" " tag="012"><subfield code="l">1</subfield></datafield><datafield ind1=" " ind2=" " tag="019"><subfield code="a">15193152</subfield></datafield><datafield ind1="1" ind2=" " tag="022"><subfield code="a">1094-7337</subfield><subfield code="l">1094-5962</subfield><subfield code="2">1</subfield></datafield><datafield ind1="1" ind2=" " tag="029"><subfield code="a">AU@</subfield><subfield code="b">000025926152</subfield></datafield><datafield ind1=" " ind2=" " tag="042"><subfield code="a">nsdp</subfield><subfield code="a">pcc</subfield></datafield><datafield ind1="0" ind2=" " tag="130"><subfield code="a">Daily free press (Boston, Mass.)</subfield></datafield><datafield ind1=" " ind2="0" tag="222"><subfield code="a">Daily free press</subfield><subfield code="b">(Boston, Mass. Print)</subfield></datafield><datafield ind1="0" ind2="4" tag="245"><subfield code="a">The daily free press.</subfield></datafield><datafield ind1="3" ind2=" " tag="246"><subfield code="a">Free press</subfield></datafield><datafield ind1=" " ind2=" " tag="260"><subfield code="a">Boston, Mass. :</subfield><subfield code="b">[s.n.],</subfield><subfield code="c">1970-</subfield></datafield><datafield ind1=" " ind2=" " tag="300"><subfield code="a">v. :</subfield><subfield code="b">ill. ;</subfield><subfield code="c">38-43 cm.</subfield></datafield><datafield ind1=" " ind2=" " tag="310"><subfield code="a">Daily (except Saturday and Sunday)</subfield></datafield><datafield ind1="0" ind2=" " tag="362"><subfield code="a">Vol. 2, no. 2 (Sept. 7, 1970)-</subfield></datafield><datafield ind1=" " ind2=" " tag="500"><subfield code="a">Published by: United Pub., Mar.-Dec. 1972; Back Bay Pub., Dec. 1972-</subfield></datafield><datafield ind1=" " ind2=" " tag="515"><subfield code="a">Issued during the academic year only.</subfield></datafield><datafield ind1=" " ind2=" " tag="515"><subfield code="a">Continues numbering of earlier title.</subfield></datafield><datafield ind1="8" ind2=" " tag="521"><subfield code="a">"An independent student newspaper ... distributed at no charge to members of the Boston University community."</subfield></datafield><datafield ind1=" " ind2=" " tag="530"><subfield code="a">Also available on the World Wide Web: Daily free press (Boston, Mass. : Online).</subfield></datafield><datafield ind1="2" ind2="0" tag="610"><subfield code="a">Boston University</subfield><subfield code="v">Newspapers.</subfield></datafield><datafield ind1=" " ind2="7" tag="655"><subfield code="a">Newspapers.</subfield><subfield code="2">fast</subfield><subfield code="0">(OCoLC)fst01423814</subfield></datafield><datafield ind1="2" ind2="7" tag="610"><subfield code="a">Boston University.</subfield><subfield code="2">fast</subfield><subfield code="0">(OCoLC)fst00533261</subfield></datafield><datafield ind1="1" ind2=" " tag="776"><subfield code="t">Daily free press (Boston, Mass. : Online)</subfield><subfield code="x">1094-5962</subfield><subfield code="w">(DLC)sn 97004322</subfield></datafield><datafield ind1="0" ind2="0" tag="780"><subfield code="t">News-advocate-logos</subfield></datafield><datafield ind1="7" ind2=" " tag="856"><subfield code="u">http://www.dfpress.com</subfield><subfield code="2">http</subfield></datafield><datafield ind1=" " ind2=" " tag="936"><subfield code="a">Vol. 54, issue 60 (Apr. 15, 1997) LIC</subfield></datafield></record>